@comment{x-kbibtex-personnameformatting=<%l><, %f>}

@article{Pom96,
	author = "Pomerance, Carl",
	journal = "Notices Amer. Math. Soc",
	pages = "1473--1485",
	title = "{A tale of two sieves}",
	volume = "43",
	year = "1996"
}

@article{BahiC06,
	abstract = "dblp",
	added-at = "2008-03-11T00:00:00.000+0100",
	author = "Bahi, Jacques M. and Contassot-Vivier, Sylvain",
	date = "2008-03-11",
	interhash = "a6258baf240d85a674db2b64a4178557",
	intrahash = "04e95654709a72d2673494cfba6ffebd",
	journal = "IEEE Transactions on Neural Networks",
	keywords = "dblp",
	number = 2,
	pages = "397--408",
	title = "{Basins of attraction in fully asynchronous discrete-time discrete-state dynamic networks.}",
	url = "http://dblp.uni-trier.de/db/journals/tnn/tnn17.html#BahiC06; http://doi.ieeecomputersociety.org/10.1109/TNN.2005.863413; http://www.bibsonomy.org/bibtex/204e95654709a72d2673494cfba6ffebd/dblp",
	volume = 17,
	x-fetchedfrom = "Bibsonomy",
	year = 2006
}

@article{Fat13,
	added-at = "2013-06-07T00:00:00.000+0200",
	author = "Fat{\`e}s, Nazim",
	interhash = "f8284d28b533fb83ec99afa583314ed8",
	intrahash = "3f6fda8915603e8f991ead387d623fcf",
	journal = "Theory Comput. Syst.",
	keywords = "dblp",
	number = 2,
	pages = "223--242",
	title = "{Stochastic Cellular Automata Solutions to the Density Classification Problem - When Randomness Helps Computing.}",
	url = "http://dblp.uni-trier.de/db/journals/mst/mst53.html#Fates13; http://dx.doi.org/10.1007/s00224-012-9386-3; http://www.bibsonomy.org/bibtex/23f6fda8915603e8f991ead387d623fcf/dblp",
	volume = 53,
	x-fetchedfrom = "Bibsonomy",
	year = 2013
}

